@misc{european_parliament_meps_2024,
	title = {{MEPs} to approve new scheme for an {EU}-wide digital wallet {\textbar} 26-02-2024 {\textbar} {News} {\textbar} {European} {Parliament}},
	url = {https://www.europarl.europa.eu/news/en/agenda/briefing/2024-02-26/14/meps-to-approve-new-scheme-for-an-eu-wide-digital-wallet},
	abstract = {Plans for a digital identity framework, already agreed between Parliament and Council, will be debated on Wednesday and put to a vote on Thursday.},
	language = {en},
	urldate = {2025-04-27},
	author = {{European Parliament}},
	month = feb,
	year = {2024},
}

@misc{aamva_jurisdiction_nodate,
	title = {Jurisdiction {Data} {Maps} - {American} {Association} of {Motor} {Vehicle} {Administrators} - {AAMVA}},
	url = {https://www.aamva.org/jurisdiction-data-maps?ref=blog.spruceid.com#anchorformdlmap},
	urldate = {2025-04-27},
	journal = {Jurisdiction Data Maps},
	author = {{AAMVA}},
	file = {Jurisdiction Data Maps - American Association of Motor Vehicle Administrators - AAMVA:/Users/sampolgar/Zotero/storage/76L7CS9C/jurisdiction-data-maps.html:text/html},
}


@misc{microsoft_microsoft_2025,
	title = {Microsoft {Entra} {Verified} {ID} {\textbar} {Microsoft} {Security}},
	url = {https://www.microsoft.com/en-au/security/business/identity-access/microsoft-entra-verified-id},
	abstract = {Learn how Microsoft Entra Verified ID, a verifiable credential service, enables organizations to create user-owned solutions to transform identity verification.},
	language = {en-AU},
	urldate = {2025-04-27},
	author = {{Microsoft}},
	file = {Snapshot:/Users/sampolgar/Zotero/storage/VHZID4BN/microsoft-entra-verified-id.html:text/html},
}

@misc{signicat_battle_2022,
	title = {The {Battle} to {Onboard}},
	url = {https://www.signicat.com/the-battle-to-onboard-2022},
	abstract = {Learn what 7600 consumers from 14 countries have to say about their onboarding experiences – and discover what financial service providers need to do to…},
	language = {en},
	urldate = {2025-04-27},
	journal = {Signicat},
	author = {{Signicat}},
	year = {2022},
	file = {Snapshot:/Users/sampolgar/Zotero/storage/S8SFIJBK/the-battle-to-onboard-2022.html:text/html},
}


@misc{aws_verifiable_nodate,
	title = {Verifiable credentials (claims) for government - {Government} {Lens}},
	url = {https://docs.aws.amazon.com/wellarchitected/latest/government-lens/verifiable-credentials-claims-for-government.html},
	urldate = {2025-04-27},
        author = {{AWS}},
	file = {Verifiable credentials (claims) for government - Government Lens:/Users/sampolgar/Zotero/storage/IDL8VR8Z/verifiable-credentials-claims-for-government.html:text/html},
}


@misc{apple_security_2024,
	title = {Security of {IDs} in {Apple} {Wallet}},
	url = {https://support.apple.com/en-gb/guide/security/secb569bf393/web},
	abstract = {The following features help increase the security of using IDs in Apple Wallet.},
	language = {en},
	urldate = {2025-04-27},
	journal = {Apple Support},
	author = {{Apple}},
	month = may,
	year = {2024},
	file = {Snapshot:/Users/sampolgar/Zotero/storage/8ISSVPVV/web.html:text/html},
}


@misc{dock_labs_dock_nodate,
	title = {Dock {Labs} - {Decentralized} {ID} {Management}},
	url = {https://www.dock.io/},
	abstract = {Dock Labs enables IDV providers and IAM systems to verify the same person across businesses or siloed systems.},
	language = {EN},
	urldate = {2025-04-27},
	author = {{Dock Labs}},
	file = {Snapshot:/Users/sampolgar/Zotero/storage/J9S5LHIF/www.dock.io.html:text/html},
}




@misc{ughade_what_2023,
	title = {What is {Digital} {Identity} {Verification}: {Your} {Complete} {Guide} to {Onboarding} {Customers} {Safely}},
	shorttitle = {What is {Digital} {Identity} {Verification}},
	url = {https://hyperverge.co/blog/what-is-digital-identity-verification/},
	abstract = {Unlock the essentials of identity verification for customer onboarding and compliance. Find the right solution for your business needs.},
	language = {en-US},
	urldate = {2025-04-27},
	journal = {hyperverge.co},
	author = {Ughade, Nupura},
	month = nov,
	year = {2023},
	file = {Snapshot:/Users/sampolgar/Zotero/storage/QWTHBPYS/what-is-digital-identity-verification.html:text/html},
}

@misc{team_how_2021,
	title = {How {Mobile} {Apps} {Can} {Cut} the {Drop}-{Off} {Rate} in {Sign}-{In} {Process}},
	url = {https://www.ipification.com/blog/how-mobile-apps-can-cut-the-drop-off-rate-in-sign-in-process/},
	abstract = {43\% of users abandon an onboarding process due to friction in mobile authentication. What can app developers do to cut this rate? Find out.},
	language = {en-US},
	urldate = {2025-04-27},
	journal = {IPification},
	author = {Team, IPification},
	month = mar,
	year = {2021},
	file = {Snapshot:/Users/sampolgar/Zotero/storage/KSE8VQGA/how-mobile-apps-can-cut-the-drop-off-rate-in-sign-in-process.html:text/html},
}


@misc{liive_9_2025,
	title = {9 {Tips} for {Digital} {Identity} {Verification} in {Financial} {Services}},
	url = {https://www.veriff.com/identity-verification/guides/9-tips-for-successful-verification},
	abstract = {Enhance customer experience and reduce abandonment rates with these 9 tips for improving digital identity verification in financial services. Learn how AI and biometrics can help.},
	language = {en},
	urldate = {2025-04-27},
	journal = {Veriff},
	author = {Liive, Raul},
	file = {Snapshot:/Users/sampolgar/Zotero/storage/HZQQ8NSA/9-tips-for-successful-verification.html:text/html},
}



@inproceedings{androulaki_hyperledger_2018,
	address = {Porto Portugal},
	title = {Hyperledger fabric: a distributed operating system for permissioned blockchains},
	isbn = {978-1-4503-5584-1},
	shorttitle = {Hyperledger fabric},
	url = {https://dl.acm.org/doi/10.1145/3190508.3190538},
	doi = {10/gfwwnq},
	language = {en},
	urldate = {2025-04-27},
	booktitle = {Proceedings of the {Thirteenth} {EuroSys} {Conference}},
	publisher = {ACM},
	author = {Androulaki, Elli and Barger, Artem and Bortnikov, Vita and Cachin, Christian and Christidis, Konstantinos and De Caro, Angelo and Enyeart, David and Ferris, Christopher and Laventman, Gennady and Manevich, Yacov and Muralidharan, Srinivasan and Murthy, Chet and Nguyen, Binh and Sethi, Manish and Singh, Gari and Smith, Keith and Sorniotti, Alessandro and Stathakopoulou, Chrysoula and Vukolić, Marko and Cocco, Sharon Weed and Yellick, Jason},
	month = apr,
	year = {2018},
	pages = {1--15},
	file = {Full Text:/Users/sampolgar/Zotero/storage/VRS84WMV/Androulaki et al. - 2018 - Hyperledger fabric a distributed operating system for permissioned blockchains.pdf:application/pdf},
}
